<?xml version="1.0" encoding="UTF-8"?><collection xmlns="http://www.loc.gov/MARC21/slim"><record><leader>00546nam--2200181-i-4500</leader><controlfield tag="001">000013408</controlfield><controlfield tag="002">20161230</controlfield><controlfield tag="005">20161230201030</controlfield><controlfield tag="008">060222s1000------------r-----000-0-eng-d</controlfield><datafield ind1=" " ind2=" " tag="020"><subfield code="a">9155419456</subfield></datafield><datafield ind1=" " ind2=" " tag="040"><subfield code="a">IFIN-HH</subfield></datafield><datafield ind1=" " ind2=" " tag="080"><subfield code="a">537.811(043)</subfield></datafield><datafield ind1="1" ind2=" " tag="100"><subfield code="a">Colonias, John S</subfield></datafield><datafield ind1="1" ind2="0" tag="245"><subfield code="a">Computational methods in the study of electromagnetic fileds and their applications to physical investigations</subfield><subfield code="c">John s. colonias</subfield></datafield><datafield ind1=" " ind2=" " tag="260"><subfield code="a">Uppsala, , 1980</subfield><subfield code="b">University</subfield><subfield code="c">1980</subfield></datafield><datafield ind1=" " ind2=" " tag="300"><subfield code="a">24P</subfield></datafield><datafield ind1=" " ind2=" " tag="852"><subfield code="a">48622</subfield><subfield code="c">537.538</subfield></datafield><datafield ind1=" " ind2=" " tag="CAT"><subfield code="a">Sys</subfield><subfield code="c">20110624</subfield><subfield code="h">101016</subfield></datafield></record></collection>